@book{Nielsen1945,
address = {K{\o}benhavn. pp. 174},
author = {Nielsen, E.T.},
edition = {7},
pages = {174},
publisher = {Spoolia Zool Mus Haun},
title = {{Moeurs des Bembex}},
year = {1945}
}
@article{Tengo1996,
author = {Teng{\"{o}}, J. and Sch{\"{o}}ne, Hermann and K{\"{u}}hme, W.D. and Sch{\"{o}}ne, Hedwig and K{\"{u}}hme, L.},
file = {:D$\backslash$:/fbatslee/Documents/Mendeley Desktop/Teng{\"{o}} et al. - 1996 - Nesting cycle and homing in the digger wasp Bembix rostrata.pdf:pdf},
issn = {1069-3424},
journal = {Ethol. Ecol. Evol.},
pages = {207--211},
pmid = {16088569},
title = {{Nesting cycle and homing in the digger wasp Bembix rostrata}},
volume = {8},
year = {1996}
}
